@manual{AustrianParliament_2015,
	title  = "The Austrian Parliament",
	author = "Austrian Parliament",
	note   = "\url{http://www.parlament.gv.at/ENGL/PERK/PARL/}",
	year   = "2015"
}

@manual{Lucioni_2015,
	title  = "Senate Voting Relationships",
	author = "Renzo Lucioni",
	note   = "\url{http://www.renzolucioni.com/senate-voting-relationships/}",
	year   = "2013"
}

http://www.renzolucioni.com/senate-voting-relationships/

@INPROCEEDINGS{Amelio_2012, 
author={Amelio, A. and Pizzuti, C.}, 
booktitle={Advances in Social Networks Analysis and Mining (ASONAM), 2012 IEEE/ACM International Conference on}, 
title={Analyzing Voting Behavior in Italian Parliament: Group Cohesion and Evolution}, 
year={2012}, 
pages={140-146}, 
keywords={behavioural sciences computing;data mining;government data processing;pattern clustering;Italian Parliament;data mining;group cohesion;group evolution;hierarchical clustering;modularity concept;multidimensional scaling;network analysis;political membership;political parties;voting behavior analysis;voting behavior change detection;Communities;Government;Indexes;Market research;Matrix decomposition;Singular value decomposition;SVD;hierachical clustering;network evolution}, 
doi={10.1109/ASONAM.2012.33}, 
month={Aug},}

@article{Porter_2005,
  author  = {Mason A. Porter and M. E. J. Newman and Peter J. Mucha and Casey M. Warmbrand}, 
  title   = {A network analysis of committees in the U.S. House of Representatives},
  journal = {PNAS},
  year    = 2005,
  month={Jan},
}